% This file was created with JabRef 2.6.
% Encoding: Cp1252

@MISC{commutative_algebra,
  author = {Allen Altman and Steven Kleiman},
  title = {A Term of Commutative Algebra},
  howpublished = {\url{http://web.mit.edu/18.705/www/11Nts.pdf}},
  month = {February},
  year = {2012},
  file = {A Term of Commutative Algebra:D\:\\Documents\\Dropbox\\MIT\\2011-2012\\18.904 - Seminar in Topology\\Quillen Model Structures\\A Term of Commutative Algebra.pdf:PDF},
  owner = {Jason Gross},
  timestamp = {2012.04.01},
  url = {http://web.mit.edu/18.705/www/11Nts.pdf}
}

@INBOOK{dwyer1995homotopy,
  chapter = {Homotopy theories and model categories},
  pages = {73--126},
  title = {Handbook of algebraic topology},
  publisher = {North Holland},
  year = {1995},
  author = {Dwyer, W.G. and Spalinski, J.},
  month = {August},
  file = {Homotopy Theories and Model Categories:D\:\\Documents\\Dropbox\\MIT\\2011-2012\\18.904 - Seminar in Topology\\Quillen Model Structures\\Homotopy Theories and Model Categories - By Dwyer.pdf:PDF},
  isbn = {978-0-444-81779-2},
  journal = {Handbook of algebraic topology},
  owner = {Jason Gross},
  timestamp = {2012.03.28},
  url = {http://hopf.math.purdue.edu/Dwyer-Spalinski/theories.pdf}
}

@BOOK{hatcher2005algebraic,
  title = {Algebraic topology},
  publisher = {Cambridge University Press},
  year = {2002},
  author = {Allen Hatcher},
  month = {December},
  file = {Algebraic Topology:D\:\\Documents\\Dropbox\\MIT\\2011-2012\\18.904 - Seminar in Topology\\Quillen Model Structures\\Algebraic Topology by Hatcher.pdf:PDF},
  isbn = {978-0521795401},
  owner = {Jason Gross},
  timestamp = {2012.04.01},
  url = {http://www.math.cornell.edu/~hatcher/AT/AT.pdf}
}

@ARTICLE{quillen1969rational,
  author = {Daniel Quillen},
  title = {Rational homotopy theory},
  journal = {The Annals of Mathematics},
  year = {1969},
  volume = {90},
  pages = {205--295},
  number = {2},
  owner = {Jason Gross},
  publisher = {JSTOR},
  timestamp = {2012.04.02},
  url = {http://www.jstor.org/stable/10.2307/1970725}
}

@BOOK{quillen1967homotopical,
  title = {Homotopical algebra},
  publisher = {Springer-Verlag},
  year = {1967},
  author = {Daniel Quillen},
  isbn = {978-3540039143},
  owner = {Jason Gross},
  timestamp = {2012.04.02}
}

@MISC{wiki:InitialAndTerminalObjects,
  author = {{Wikipedia, the free encyclopedia}},
  title = {Initial and terminal objects},
  howpublished = {\url{http://en.wikipedia.org/wiki/Initial_and_terminal_objects}},
  month = {March},
  year = {2012},
  day = {12},
  organization = {Wikipedia, the free encyclopedia},
  owner = {Jason Gross},
  timestamp = {2012.04.01},
  url = {http://en.wikipedia.org/wiki/Initial_and_terminal_objects}
}

@MISC{sets_maps_limits_colimits,
  author = {Daniel Zaharopol},
  title = {Sets, Maps, Limits and Colimits: Questions},
  month = {July},
  year = {2008},
  file = {Sets, Maps, Limits, and Colimits (pdf):D\:\\Documents\\Dropbox\\MIT\\2011-2012\\18.904 - Seminar in Topology\\Quillen Model Structures\\Sets, Maps, Limits, and Colimits.pdf:PDF;Sets, Maps, Limits, and Colimits (source):D\:\\Documents\\Dropbox\\MIT\\2011-2012\\18.904 - Seminar in Topology\\Quillen Model Structures\\Sets, Maps, Limits, and Colimits.tex:LaTeX},
  owner = {Jason Gross},
  timestamp = {2012.03.28}
}

@comment{jabref-meta: selector_publisher:}

@comment{jabref-meta: selector_author:}

@comment{jabref-meta: selector_journal:}

@comment{jabref-meta: selector_keywords:}

